<record><leader>00000cas a2200000 a 4500</leader><controlfield tag="001">41253448</controlfield><controlfield tag="008">990426d19131913cauwr ne      0    0eng c</controlfield><datafield ind1=" " ind2=" " tag="010"><subfield code="a">sn 99060776 </subfield></datafield><datafield ind1=" " ind2=" " tag="040"><subfield code="a">CNK</subfield><subfield code="b">eng</subfield><subfield code="c">CNK</subfield><subfield code="d">CNK</subfield><subfield code="d">OCLCQ</subfield><subfield code="d">OCLCF</subfield><subfield code="d">OCLCO</subfield></datafield><datafield ind1="1" ind2=" " tag="029"><subfield code="a">AU@</subfield><subfield code="b">000020123343</subfield></datafield><datafield ind1=" " ind2=" " tag="042"><subfield code="a">pcc</subfield></datafield><datafield ind1=" " ind2=" " tag="043"><subfield code="a">n-us-ca</subfield></datafield><datafield ind1="0" ind2="4" tag="245"><subfield code="a">The Alhambran-advocate.</subfield></datafield><datafield ind1="1" ind2="3" tag="246"><subfield code="a">Alhambran advocate and Alhambran news</subfield><subfield code="f">Aug. 8-Sept. 19, 1913</subfield></datafield><datafield ind1=" " ind2=" " tag="260"><subfield code="a">Alhambra, Los Angeles County, Calif. :</subfield><subfield code="b">Will G. Gilstrap</subfield></datafield><datafield ind1=" " ind2=" " tag="300"><subfield code="a">v.</subfield></datafield><datafield ind1=" " ind2=" " tag="310"><subfield code="a">Weekly</subfield></datafield><datafield ind1="0" ind2=" " tag="362"><subfield code="a">Vol. 17, no. 10 (July 18, 1913)-v. 17, no. 19 (Sept. 19, 1913).</subfield></datafield><datafield ind1=" " ind2=" " tag="530"><subfield code="a">Master negatives are available for duplication from:</subfield><subfield code="b">California Newspaper Microfilm Archive;</subfield><subfield code="c">positive copies may be purchased by the reel; for further information consult the CNMA at:</subfield><subfield code="u">http://cbsr.ucr.edu</subfield></datafield><datafield ind1=" " ind2="0" tag="651"><subfield code="a">Alhambra (Calif.)</subfield><subfield code="v">Newspapers.</subfield></datafield><datafield ind1=" " ind2="0" tag="651"><subfield code="a">San Gabriel River Valley (Calif.)</subfield><subfield code="v">Newspapers.</subfield></datafield><datafield ind1=" " ind2="7" tag="655"><subfield code="a">Newspapers.</subfield><subfield code="2">fast</subfield><subfield code="0">(OCoLC)fst01423814</subfield></datafield><datafield ind1=" " ind2="7" tag="651"><subfield code="a">California</subfield><subfield code="z">Alhambra.</subfield><subfield code="2">fast</subfield><subfield code="0">(OCoLC)fst01217462</subfield></datafield><datafield ind1=" " ind2="7" tag="651"><subfield code="a">California</subfield><subfield code="z">San Gabriel River Valley.</subfield><subfield code="2">fast</subfield><subfield code="0">(OCoLC)fst01275269</subfield></datafield><datafield ind1=" " ind2=" " tag="752"><subfield code="a">United States</subfield><subfield code="b">California</subfield><subfield code="c">Los Angeles</subfield><subfield code="d">Alhambra.</subfield></datafield><datafield ind1="0" ind2=" " tag="775"><subfield code="t">Alhambran-advocate (Alhambra, Calif. : 1913)</subfield><subfield code="w">(DLC)sn2002060289</subfield></datafield><datafield ind1="0" ind2="0" tag="780"><subfield code="t">Alhambran-advocate and valley vista</subfield><subfield code="w">(DLC)sn 99060775</subfield></datafield><datafield ind1="0" ind2="7" tag="785"><subfield code="t">Alhambra news (Alhambra, Calif. : 1911)</subfield><subfield code="w">(DLC)sn2003061101</subfield></datafield><datafield ind1="0" ind2="7" tag="785"><subfield code="t">Alhambran-advocate and Alhambra news</subfield><subfield code="w">(DLC)sn 99060777</subfield></datafield></record>